@article{Dodd1989,
 ISSN = {00143820, 15585646},
 URL = {http://www.jstor.org/stable/2409365},
 author = {Diane M. B. Dodd},
 journal = {Evolution},
 number = {6},
 pages = {1308--1311},
 publisher = {[Society for the Study of Evolution, Wiley]},
 title = {Reproductive Isolation as a Consequence of Adaptive Divergence in Drosophila pseudoobscura},
 volume = {43},
 year = {1989}
}
